%! Author = Kevin
%! Date = 29.07.2022
@misc{githubReleaseV010,
    author = {Cheng Zhao},
    title = {Release v0.1.0: Update node: use node's implementation of set Immediate.},
    howpublished = {\url{https://github.com/electron/electron/releases/tag/v0.1.0}},
    year = {2013},
    month={Jul},
    note = {[Accessed 26-May-2022]},
}

@misc{sawicki_2015,
    title={Atom Shell is now Electron},
    howpublished={\url{https://www.electronjs.org/blog/electron}},
    journal={ElectronJS.org},
    author={Sawicki, Kevin},
    year={2015},
    month={Apr},
    note = {[Accessed 26-May-2022]},
}





